@misc{audio,
author={Wikipedia},
title={Sound recording and reproduction : Phonograph},
month={jun},
year={2019},
howpublished={\url{https://en.wikipedia.org/wiki/Sound_recording_and_reproduction#Phonograph}}
}
