@misc{audio,
author={Wikipedia},
title={Sound recording and reproduction : Phonograph},
month={jun},
year={2019},
howpublished={\url{https://en.wikipedia.org/wiki/Sound_recording_and_reproduction#Phonograph}}
}
@misc{tf,
author={Humanity},
title={TensorFlow},
month={jun},
year={2019},
howpublished={\url{https://github.com/tensorflow/tensorflow}}
}
@misc{keras,
author={Keras team},
title={Keras},
month={jun},
year={2019},
howpublished={\url{https://keras.io/}}
}
@misc{cifar,
author={Alex Krizhevsky - Vinod Nair - Geoffrey Hinton},
title={CIFAR-10 homepage},
month={jun},
year={2019},
howpublished={\url{https://www.cs.toronto.edu/~kriz/cifar.html}}
}


